<record><leader>00000cas a22000007a 4500</leader><controlfield tag="001">12670686</controlfield><controlfield tag="008">851012u1978uuuuhiusr n       0    0eng d</controlfield><datafield ind1=" " ind2=" " tag="010"><subfield code="a">sn 85047256 </subfield></datafield><datafield ind1=" " ind2=" " tag="040"><subfield code="a">HWN</subfield><subfield code="b">eng</subfield><subfield code="c">HWN</subfield><subfield code="d">OCL</subfield><subfield code="d">OCLCQ</subfield><subfield code="d">OCLCO</subfield></datafield><datafield ind1="1" ind2=" " tag="029"><subfield code="a">AU@</subfield><subfield code="b">000024687207</subfield></datafield><datafield ind1=" " ind2=" " tag="042"><subfield code="a">msc</subfield></datafield><datafield ind1=" " ind2=" " tag="043"><subfield code="a">n-us-hi</subfield></datafield><datafield ind1="0" ind2="0" tag="245"><subfield code="a">Koolau mirror.</subfield></datafield><datafield ind1=" " ind2=" " tag="260"><subfield code="a">Wahiawa, Hawaii :</subfield><subfield code="b">[G. Bingen],</subfield><subfield code="c">1978-</subfield></datafield><datafield ind1=" " ind2=" " tag="300"><subfield code="a">v. :</subfield><subfield code="b">ill. ;</subfield><subfield code="c">41 cm.</subfield></datafield><datafield ind1=" " ind2=" " tag="310"><subfield code="a">Two issues per month</subfield></datafield><datafield ind1="0" ind2=" " tag="362"><subfield code="a">Vol. 1, no. 1 (Sept. 6, 1978)-</subfield></datafield><datafield ind1=" " ind2=" " tag="500"><subfield code="a">"Covering the communities of Pearl City, Miilani, Waipio, Wahiawa, Mokuleia, Haleiwa, Waimea, Sunset, Kahuku, Waipahu."</subfield></datafield><datafield ind1=" " ind2=" " tag="500"><subfield code="a">Editor: T. Medina.</subfield></datafield><datafield ind1=" " ind2="0" tag="651"><subfield code="a">Oahu (Hawaii)</subfield><subfield code="v">Newspapers.</subfield></datafield><datafield ind1=" " ind2="0" tag="651"><subfield code="a">North Shore Region (Hawaii)</subfield><subfield code="v">Newspapers.</subfield></datafield><datafield ind1="1" ind2=" " tag="700"><subfield code="a">Medina, Teddi.</subfield></datafield><datafield ind1=" " ind2=" " tag="752"><subfield code="a">United States</subfield><subfield code="b">Hawaii</subfield><subfield code="c">Honolulu</subfield><subfield code="d">Wahiawa.</subfield></datafield></record>